%YAML 1.1
%TAG !u! tag:unity3d.com,2011:
--- !u!29 &1
OcclusionCullingSettings:
  m_ObjectHideFlags: 0
  serializedVersion: 2
  m_OcclusionBakeSettings:
    smallestOccluder: 5
    smallestHole: 0.25
    backfaceThreshold: 100
  m_SceneGUID: 00000000000000000000000000000000
  m_OcclusionCullingData: {fileID: 0}
--- !u!104 &2
RenderSettings:
  m_ObjectHideFlags: 0
  serializedVersion: 9
  m_Fog: 0
  m_FogColor: {r: 0.5, g: 0.5, b: 0.5, a: 1}
  m_FogMode: 3
  m_FogDensity: 0.01
  m_LinearFogStart: 0
  m_LinearFogEnd: 300
  m_AmbientSkyColor: {r: 0.212, g: 0.227, b: 0.259, a: 1}
  m_AmbientEquatorColor: {r: 0.114, g: 0.125, b: 0.133, a: 1}
  m_AmbientGroundColor: {r: 0.047, g: 0.043, b: 0.035, a: 1}
  m_AmbientIntensity: 1
  m_AmbientMode: 0
  m_SubtractiveShadowColor: {r: 0.42, g: 0.478, b: 0.627, a: 1}
  m_SkyboxMaterial: {fileID: 0}
  m_HaloStrength: 0.5
  m_FlareStrength: 1
  m_FlareFadeSpeed: 3
  m_HaloTexture: {fileID: 0}
  m_SpotCookie: {fileID: 10001, guid: 0000000000000000e000000000000000, type: 0}
  m_DefaultReflectionMode: 0
  m_DefaultReflectionResolution: 128
  m_ReflectionBounces: 1
  m_ReflectionIntensity: 1
  m_CustomReflection: {fileID: 0}
  m_Sun: {fileID: 170076734}
  m_IndirectSpecularColor: {r: 0.059702095, g: 0.083503954, b: 0.12840739, a: 1}
  m_UseRadianceAmbientProbe: 0
--- !u!157 &3
LightmapSettings:
  m_ObjectHideFlags: 0
  serializedVersion: 11
  m_GIWorkflowMode: 1
  m_GISettings:
    serializedVersion: 2
    m_BounceScale: 1
    m_IndirectOutputScale: 1
    m_AlbedoBoost: 1
    m_EnvironmentLightingMode: 0
    m_EnableBakedLightmaps: 1
    m_EnableRealtimeLightmaps: 0
  m_LightmapEditorSettings:
    serializedVersion: 10
    m_Resolution: 2
    m_BakeResolution: 10
    m_AtlasSize: 512
    m_AO: 0
    m_AOMaxDistance: 1
    m_CompAOExponent: 1
    m_CompAOExponentDirect: 0
    m_Padding: 2
    m_LightmapParameters: {fileID: 0}
    m_LightmapsBakeMode: 1
    m_TextureCompression: 1
    m_FinalGather: 0
    m_FinalGatherFiltering: 1
    m_FinalGatherRayCount: 256
    m_ReflectionCompression: 2
    m_MixedBakeMode: 2
    m_BakeBackend: 1
    m_PVRSampling: 1
    m_PVRDirectSampleCount: 32
    m_PVRSampleCount: 256
    m_PVRBounces: 2
    m_PVRFilterTypeDirect: 0
    m_PVRFilterTypeIndirect: 0
    m_PVRFilterTypeAO: 0
    m_PVRFilteringMode: 2
    m_PVRCulling: 1
    m_PVRFilteringGaussRadiusDirect: 1
    m_PVRFilteringGaussRadiusIndirect: 5
    m_PVRFilteringGaussRadiusAO: 2
    m_PVRFilteringAtrousPositionSigmaDirect: 0.5
    m_PVRFilteringAtrousPositionSigmaIndirect: 2
    m_PVRFilteringAtrousPositionSigmaAO: 1
    m_ShowResolutionOverlay: 1
  m_LightingDataAsset: {fileID: 112000000, guid: db8add313e0214d46b4ee246b0bdf7eb,
    type: 2}
  m_UseShadowmask: 1
--- !u!196 &4
NavMeshSettings:
  serializedVersion: 2
  m_ObjectHideFlags: 0
  m_BuildSettings:
    serializedVersion: 2
    agentTypeID: 0
    agentRadius: 0.5
    agentHeight: 2
    agentSlope: 45
    agentClimb: 0.4
    ledgeDropHeight: 0
    maxJumpAcrossDistance: 0
    minRegionArea: 2
    manualCellSize: 0
    cellSize: 0.16666667
    manualTileSize: 0
    tileSize: 256
    accuratePlacement: 0
    debug:
      m_Flags: 0
  m_NavMeshData: {fileID: 0}
--- !u!1 &105295814
GameObject:
  m_ObjectHideFlags: 0
  m_CorrespondingSourceObject: {fileID: 0}
  m_PrefabInstance: {fileID: 0}
  m_PrefabAsset: {fileID: 0}
  serializedVersion: 6
  m_Component:
  - component: {fileID: 105295818}
  - component: {fileID: 105295817}
  - component: {fileID: 105295816}
  - component: {fileID: 105295815}
  - component: {fileID: 105295819}
  m_Layer: 5
  m_Name: Quick Action Handler
  m_TagString: Untagged
  m_Icon: {fileID: 0}
  m_NavMeshLayer: 0
  m_StaticEditorFlags: 0
  m_IsActive: 1
--- !u!114 &105295815
MonoBehaviour:
  m_ObjectHideFlags: 0
  m_CorrespondingSourceObject: {fileID: 0}
  m_PrefabInstance: {fileID: 0}
  m_PrefabAsset: {fileID: 0}
  m_GameObject: {fileID: 105295814}
  m_Enabled: 1
  m_EditorHideFlags: 0
  m_Script: {fileID: 1301386320, guid: f70555f144d8491a825f0804e09c671c, type: 3}
  m_Name: 
  m_EditorClassIdentifier: 
  m_IgnoreReversedGraphics: 1
  m_BlockingObjects: 0
  m_BlockingMask:
    serializedVersion: 2
    m_Bits: 4294967295
--- !u!114 &105295816
MonoBehaviour:
  m_ObjectHideFlags: 0
  m_CorrespondingSourceObject: {fileID: 0}
  m_PrefabInstance: {fileID: 0}
  m_PrefabAsset: {fileID: 0}
  m_GameObject: {fileID: 105295814}
  m_Enabled: 1
  m_EditorHideFlags: 0
  m_Script: {fileID: 1980459831, guid: f70555f144d8491a825f0804e09c671c, type: 3}
  m_Name: 
  m_EditorClassIdentifier: 
  m_UiScaleMode: 0
  m_ReferencePixelsPerUnit: 100
  m_ScaleFactor: 1
  m_ReferenceResolution: {x: 800, y: 600}
  m_ScreenMatchMode: 0
  m_MatchWidthOrHeight: 0
  m_PhysicalUnit: 3
  m_FallbackScreenDPI: 96
  m_DefaultSpriteDPI: 96
  m_DynamicPixelsPerUnit: 1
--- !u!223 &105295817
Canvas:
  m_ObjectHideFlags: 0
  m_CorrespondingSourceObject: {fileID: 0}
  m_PrefabInstance: {fileID: 0}
  m_PrefabAsset: {fileID: 0}
  m_GameObject: {fileID: 105295814}
  m_Enabled: 1
  serializedVersion: 3
  m_RenderMode: 0
  m_Camera: {fileID: 0}
  m_PlaneDistance: 100
  m_PixelPerfect: 0
  m_ReceivesEvents: 1
  m_OverrideSorting: 0
  m_OverridePixelPerfect: 0
  m_SortingBucketNormalizedSize: 0
  m_AdditionalShaderChannelsFlag: 0
  m_SortingLayerID: 0
  m_SortingOrder: 0
  m_TargetDisplay: 0
--- !u!224 &105295818
RectTransform:
  m_ObjectHideFlags: 0
  m_CorrespondingSourceObject: {fileID: 0}
  m_PrefabInstance: {fileID: 0}
  m_PrefabAsset: {fileID: 0}
  m_GameObject: {fileID: 105295814}
  m_LocalRotation: {x: 0, y: 0, z: 0, w: 1}
  m_LocalPosition: {x: 0, y: 0, z: 0}
  m_LocalScale: {x: 0, y: 0, z: 0}
  m_Children:
  - {fileID: 1810447024}
  - {fileID: 889306515}
  m_Father: {fileID: 0}
  m_RootOrder: 5
  m_LocalEulerAnglesHint: {x: 0, y: 0, z: 0}
  m_AnchorMin: {x: 0, y: 0}
  m_AnchorMax: {x: 0, y: 0}
  m_AnchoredPosition: {x: 0, y: 0}
  m_SizeDelta: {x: 0, y: 0}
  m_Pivot: {x: 0, y: 0}
--- !u!114 &105295819
MonoBehaviour:
  m_ObjectHideFlags: 0
  m_CorrespondingSourceObject: {fileID: 0}
  m_PrefabInstance: {fileID: 0}
  m_PrefabAsset: {fileID: 0}
  m_GameObject: {fileID: 105295814}
  m_Enabled: 1
  m_EditorHideFlags: 0
  m_Script: {fileID: 11500000, guid: 7e3f7bfb188673d4da1e89ddce0f20d3, type: 3}
  m_Name: 
  m_EditorClassIdentifier: 
  quickActionUI_template: {fileID: 568803381}
  panel: {fileID: 889306514}
  offset: {x: 45, y: -5}
--- !u!1 &126920551
GameObject:
  m_ObjectHideFlags: 0
  m_CorrespondingSourceObject: {fileID: 0}
  m_PrefabInstance: {fileID: 0}
  m_PrefabAsset: {fileID: 0}
  serializedVersion: 6
  m_Component:
  - component: {fileID: 126920553}
  - component: {fileID: 126920552}
  m_Layer: 0
  m_Name: GameManager
  m_TagString: Untagged
  m_Icon: {fileID: 0}
  m_NavMeshLayer: 0
  m_StaticEditorFlags: 4294967295
  m_IsActive: 1
--- !u!114 &126920552
MonoBehaviour:
  m_ObjectHideFlags: 0
  m_CorrespondingSourceObject: {fileID: 0}
  m_PrefabInstance: {fileID: 0}
  m_PrefabAsset: {fileID: 0}
  m_GameObject: {fileID: 126920551}
  m_Enabled: 1
  m_EditorHideFlags: 0
  m_Script: {fileID: 11500000, guid: f319744a233274847936d4bc716f3c20, type: 3}
  m_Name: 
  m_EditorClassIdentifier: 
  quickActionHandler: {fileID: 105295819}
--- !u!4 &126920553
Transform:
  m_ObjectHideFlags: 0
  m_CorrespondingSourceObject: {fileID: 0}
  m_PrefabInstance: {fileID: 0}
  m_PrefabAsset: {fileID: 0}
  m_GameObject: {fileID: 126920551}
  m_LocalRotation: {x: 0, y: 0, z: 0, w: 1}
  m_LocalPosition: {x: 0, y: 0, z: 0}
  m_LocalScale: {x: 1, y: 1, z: 1}
  m_Children: []
  m_Father: {fileID: 0}
  m_RootOrder: 4
  m_LocalEulerAnglesHint: {x: 0, y: 0, z: 0}
--- !u!1 &170076733
GameObject:
  m_ObjectHideFlags: 0
  m_CorrespondingSourceObject: {fileID: 0}
  m_PrefabInstance: {fileID: 0}
  m_PrefabAsset: {fileID: 0}
  serializedVersion: 6
  m_Component:
  - component: {fileID: 170076735}
  - component: {fileID: 170076734}
  m_Layer: 0
  m_Name: Directional Light
  m_TagString: Untagged
  m_Icon: {fileID: 0}
  m_NavMeshLayer: 0
  m_StaticEditorFlags: 0
  m_IsActive: 1
--- !u!108 &170076734
Light:
  m_ObjectHideFlags: 0
  m_CorrespondingSourceObject: {fileID: 0}
  m_PrefabInstance: {fileID: 0}
  m_PrefabAsset: {fileID: 0}
  m_GameObject: {fileID: 170076733}
  m_Enabled: 1
  serializedVersion: 8
  m_Type: 1
  m_Color: {r: 1, g: 0.95686275, b: 0.8392157, a: 1}
  m_Intensity: 1
  m_Range: 10
  m_SpotAngle: 30
  m_CookieSize: 10
  m_Shadows:
    m_Type: 2
    m_Resolution: -1
    m_CustomResolution: -1
    m_Strength: 0.764
    m_Bias: 0.05
    m_NormalBias: 0.4
    m_NearPlane: 0.2
  m_Cookie: {fileID: 0}
  m_DrawHalo: 0
  m_Flare: {fileID: 0}
  m_RenderMode: 0
  m_CullingMask:
    serializedVersion: 2
    m_Bits: 4294967295
  m_Lightmapping: 4
  m_LightShadowCasterMode: 0
  m_AreaSize: {x: 1, y: 1}
  m_BounceIntensity: 1
  m_ColorTemperature: 6570
  m_UseColorTemperature: 0
  m_ShadowRadius: 0
  m_ShadowAngle: 0
--- !u!4 &170076735
Transform:
  m_ObjectHideFlags: 0
  m_CorrespondingSourceObject: {fileID: 0}
  m_PrefabInstance: {fileID: 0}
  m_PrefabAsset: {fileID: 0}
  m_GameObject: {fileID: 170076733}
  m_LocalRotation: {x: 0.82587606, y: -0.17397617, z: 0.3705571, w: 0.38774794}
  m_LocalPosition: {x: 0, y: 3, z: 0}
  m_LocalScale: {x: 1, y: 1, z: 1}
  m_Children: []
  m_Father: {fileID: 0}
  m_RootOrder: 1
  m_LocalEulerAnglesHint: {x: 129.7, y: -48.33, z: 0}
--- !u!1 &543114266
GameObject:
  m_ObjectHideFlags: 0
  m_CorrespondingSourceObject: {fileID: 0}
  m_PrefabInstance: {fileID: 0}
  m_PrefabAsset: {fileID: 0}
  serializedVersion: 6
  m_Component:
  - component: {fileID: 543114270}
  - component: {fileID: 543114269}
  - component: {fileID: 543114268}
  - component: {fileID: 543114267}
  - component: {fileID: 543114271}
  m_Layer: 5
  m_Name: GameConsole
  m_TagString: Untagged
  m_Icon: {fileID: 0}
  m_NavMeshLayer: 0
  m_StaticEditorFlags: 0
  m_IsActive: 1
--- !u!114 &543114267
MonoBehaviour:
  m_ObjectHideFlags: 0
  m_CorrespondingSourceObject: {fileID: 0}
  m_PrefabInstance: {fileID: 0}
  m_PrefabAsset: {fileID: 0}
  m_GameObject: {fileID: 543114266}
  m_Enabled: 1
  m_EditorHideFlags: 0
  m_Script: {fileID: 1301386320, guid: f70555f144d8491a825f0804e09c671c, type: 3}
  m_Name: 
  m_EditorClassIdentifier: 
  m_IgnoreReversedGraphics: 1
  m_BlockingObjects: 0
  m_BlockingMask:
    serializedVersion: 2
    m_Bits: 4294967295
--- !u!114 &543114268
MonoBehaviour:
  m_ObjectHideFlags: 0
  m_CorrespondingSourceObject: {fileID: 0}
  m_PrefabInstance: {fileID: 0}
  m_PrefabAsset: {fileID: 0}
  m_GameObject: {fileID: 543114266}
  m_Enabled: 1
  m_EditorHideFlags: 0
  m_Script: {fileID: 1980459831, guid: f70555f144d8491a825f0804e09c671c, type: 3}
  m_Name: 
  m_EditorClassIdentifier: 
  m_UiScaleMode: 1
  m_ReferencePixelsPerUnit: 100
  m_ScaleFactor: 1
  m_ReferenceResolution: {x: 1920, y: 1080}
  m_ScreenMatchMode: 0
  m_MatchWidthOrHeight: 1
  m_PhysicalUnit: 3
  m_FallbackScreenDPI: 96
  m_DefaultSpriteDPI: 96
  m_DynamicPixelsPerUnit: 1
--- !u!223 &543114269
Canvas:
  m_ObjectHideFlags: 0
  m_CorrespondingSourceObject: {fileID: 0}
  m_PrefabInstance: {fileID: 0}
  m_PrefabAsset: {fileID: 0}
  m_GameObject: {fileID: 543114266}
  m_Enabled: 1
  serializedVersion: 3
  m_RenderMode: 0
  m_Camera: {fileID: 0}
  m_PlaneDistance: 100
  m_PixelPerfect: 0
  m_ReceivesEvents: 1
  m_OverrideSorting: 0
  m_OverridePixelPerfect: 0
  m_SortingBucketNormalizedSize: 0
  m_AdditionalShaderChannelsFlag: 0
  m_SortingLayerID: 0
  m_SortingOrder: 0
  m_TargetDisplay: 0
--- !u!224 &543114270
RectTransform:
  m_ObjectHideFlags: 0
  m_CorrespondingSourceObject: {fileID: 0}
  m_PrefabInstance: {fileID: 0}
  m_PrefabAsset: {fileID: 0}
  m_GameObject: {fileID: 543114266}
  m_LocalRotation: {x: 0, y: 0, z: 0, w: 1}
  m_LocalPosition: {x: 0, y: 0, z: 0}
  m_LocalScale: {x: 0, y: 0, z: 0}
  m_Children:
  - {fileID: 704587624}
  m_Father: {fileID: 0}
  m_RootOrder: 6
  m_LocalEulerAnglesHint: {x: 0, y: 0, z: 0}
  m_AnchorMin: {x: 0, y: 0}
  m_AnchorMax: {x: 0, y: 0}
  m_AnchoredPosition: {x: 0, y: 0}
  m_SizeDelta: {x: 0, y: 0}
  m_Pivot: {x: 0, y: 0}
--- !u!114 &543114271
MonoBehaviour:
  m_ObjectHideFlags: 0
  m_CorrespondingSourceObject: {fileID: 0}
  m_PrefabInstance: {fileID: 0}
  m_PrefabAsset: {fileID: 0}
  m_GameObject: {fileID: 543114266}
  m_Enabled: 1
  m_EditorHideFlags: 0
  m_Script: {fileID: 11500000, guid: 22c428939ea8d2b45a7ba8640af385bc, type: 3}
  m_Name: 
  m_EditorClassIdentifier: 
--- !u!1 &568803380
GameObject:
  m_ObjectHideFlags: 0
  m_CorrespondingSourceObject: {fileID: 0}
  m_PrefabInstance: {fileID: 0}
  m_PrefabAsset: {fileID: 0}
  serializedVersion: 6
  m_Component:
  - component: {fileID: 568803385}
  - component: {fileID: 568803384}
  - component: {fileID: 568803383}
  - component: {fileID: 568803381}
  - component: {fileID: 568803382}
  m_Layer: 5
  m_Name: Quick Action Item Template
  m_TagString: Untagged
  m_Icon: {fileID: 0}
  m_NavMeshLayer: 0
  m_StaticEditorFlags: 0
  m_IsActive: 1
--- !u!114 &568803381
MonoBehaviour:
  m_ObjectHideFlags: 0
  m_CorrespondingSourceObject: {fileID: 0}
  m_PrefabInstance: {fileID: 0}
  m_PrefabAsset: {fileID: 0}
  m_GameObject: {fileID: 568803380}
  m_Enabled: 1
  m_EditorHideFlags: 0
  m_Script: {fileID: 11500000, guid: 56ef46467c347a94aaba089e7239c1c1, type: 3}
  m_Name: 
  m_EditorClassIdentifier: 
  text_component: {fileID: 1011149390}
--- !u!114 &568803382
MonoBehaviour:
  m_ObjectHideFlags: 0
  m_CorrespondingSourceObject: {fileID: 0}
  m_PrefabInstance: {fileID: 0}
  m_PrefabAsset: {fileID: 0}
  m_GameObject: {fileID: 568803380}
  m_Enabled: 1
  m_EditorHideFlags: 0
  m_Script: {fileID: 1392445389, guid: f70555f144d8491a825f0804e09c671c, type: 3}
  m_Name: 
  m_EditorClassIdentifier: 
  m_Navigation:
    m_Mode: 3
    m_SelectOnUp: {fileID: 0}
    m_SelectOnDown: {fileID: 0}
    m_SelectOnLeft: {fileID: 0}
    m_SelectOnRight: {fileID: 0}
  m_Transition: 1
  m_Colors:
    m_NormalColor: {r: 1, g: 1, b: 1, a: 1}
    m_HighlightedColor: {r: 0.9607843, g: 0.9607843, b: 0.9607843, a: 1}
    m_PressedColor: {r: 0.78431374, g: 0.78431374, b: 0.78431374, a: 1}
    m_DisabledColor: {r: 0.78431374, g: 0.78431374, b: 0.78431374, a: 0.5019608}
    m_ColorMultiplier: 1
    m_FadeDuration: 0.1
  m_SpriteState:
    m_HighlightedSprite: {fileID: 0}
    m_PressedSprite: {fileID: 0}
    m_DisabledSprite: {fileID: 0}
  m_AnimationTriggers:
    m_NormalTrigger: Normal
    m_HighlightedTrigger: Highlighted
    m_PressedTrigger: Pressed
    m_DisabledTrigger: Disabled
  m_Interactable: 1
  m_TargetGraphic: {fileID: 568803383}
  m_OnClick:
    m_PersistentCalls:
      m_Calls:
      - m_Target: {fileID: 568803381}
        m_MethodName: Select
        m_Mode: 1
        m_Arguments:
          m_ObjectArgument: {fileID: 0}
          m_ObjectArgumentAssemblyTypeName: UnityEngine.Object, UnityEngine
          m_IntArgument: 0
          m_FloatArgument: 0
          m_StringArgument: 
          m_BoolArgument: 0
        m_CallState: 2
    m_TypeName: UnityEngine.UI.Button+ButtonClickedEvent, UnityEngine.UI, Version=1.0.0.0,
      Culture=neutral, PublicKeyToken=null
--- !u!114 &568803383
MonoBehaviour:
  m_ObjectHideFlags: 0
  m_CorrespondingSourceObject: {fileID: 0}
  m_PrefabInstance: {fileID: 0}
  m_PrefabAsset: {fileID: 0}
  m_GameObject: {fileID: 568803380}
  m_Enabled: 1
  m_EditorHideFlags: 0
  m_Script: {fileID: -765806418, guid: f70555f144d8491a825f0804e09c671c, type: 3}
  m_Name: 
  m_EditorClassIdentifier: 
  m_Material: {fileID: 0}
  m_Color: {r: 1, g: 1, b: 1, a: 1}
  m_RaycastTarget: 1
  m_OnCullStateChanged:
    m_PersistentCalls:
      m_Calls: []
    m_TypeName: UnityEngine.UI.MaskableGraphic+CullStateChangedEvent, UnityEngine.UI,
      Version=1.0.0.0, Culture=neutral, PublicKeyToken=null
  m_Sprite: {fileID: 10905, guid: 0000000000000000f000000000000000, type: 0}
  m_Type: 1
  m_PreserveAspect: 0
  m_FillCenter: 1
  m_FillMethod: 4
  m_FillAmount: 1
  m_FillClockwise: 1
  m_FillOrigin: 0
  m_UseSpriteMesh: 0
--- !u!222 &568803384
CanvasRenderer:
  m_ObjectHideFlags: 0
  m_CorrespondingSourceObject: {fileID: 0}
  m_PrefabInstance: {fileID: 0}
  m_PrefabAsset: {fileID: 0}
  m_GameObject: {fileID: 568803380}
  m_CullTransparentMesh: 0
--- !u!224 &568803385
RectTransform:
  m_ObjectHideFlags: 0
  m_CorrespondingSourceObject: {fileID: 0}
  m_PrefabInstance: {fileID: 0}
  m_PrefabAsset: {fileID: 0}
  m_GameObject: {fileID: 568803380}
  m_LocalRotation: {x: 0, y: 0, z: 0, w: 1}
  m_LocalPosition: {x: 0, y: 0, z: 0}
  m_LocalScale: {x: 1, y: 1, z: 1}
  m_Children:
  - {fileID: 1011149389}
  m_Father: {fileID: 889306515}
  m_RootOrder: 0
  m_LocalEulerAnglesHint: {x: 0, y: 0, z: 0}
  m_AnchorMin: {x: 0, y: 0}
  m_AnchorMax: {x: 0, y: 0}
  m_AnchoredPosition: {x: 0, y: 0}
  m_SizeDelta: {x: 150, y: 21}
  m_Pivot: {x: 1, y: 1}
--- !u!1 &663130668
GameObject:
  m_ObjectHideFlags: 0
  m_CorrespondingSourceObject: {fileID: 0}
  m_PrefabInstance: {fileID: 0}
  m_PrefabAsset: {fileID: 0}
  serializedVersion: 6
  m_Component:
  - component: {fileID: 663130669}
  - component: {fileID: 663130671}
  - component: {fileID: 663130670}
  m_Layer: 5
  m_Name: Text
  m_TagString: Untagged
  m_Icon: {fileID: 0}
  m_NavMeshLayer: 0
  m_StaticEditorFlags: 0
  m_IsActive: 1
--- !u!224 &663130669
RectTransform:
  m_ObjectHideFlags: 0
  m_CorrespondingSourceObject: {fileID: 0}
  m_PrefabInstance: {fileID: 0}
  m_PrefabAsset: {fileID: 0}
  m_GameObject: {fileID: 663130668}
  m_LocalRotation: {x: 0, y: 0, z: 0, w: 1}
  m_LocalPosition: {x: 0, y: 0, z: 0}
  m_LocalScale: {x: 0.42957237, y: 0.42957237, z: 0.42957237}
  m_Children: []
  m_Father: {fileID: 704587624}
  m_RootOrder: 0
  m_LocalEulerAnglesHint: {x: 0, y: 0, z: 0}
  m_AnchorMin: {x: 0, y: 0}
  m_AnchorMax: {x: 1, y: 1}
  m_AnchoredPosition: {x: 9.400024, y: 0.46917915}
  m_SizeDelta: {x: 2480.7, y: 67.1}
  m_Pivot: {x: 0.5, y: 0.5}
--- !u!114 &663130670
MonoBehaviour:
  m_ObjectHideFlags: 0
  m_CorrespondingSourceObject: {fileID: 0}
  m_PrefabInstance: {fileID: 0}
  m_PrefabAsset: {fileID: 0}
  m_GameObject: {fileID: 663130668}
  m_Enabled: 1
  m_EditorHideFlags: 0
  m_Script: {fileID: 708705254, guid: f70555f144d8491a825f0804e09c671c, type: 3}
  m_Name: 
  m_EditorClassIdentifier: 
  m_Material: {fileID: 0}
  m_Color: {r: 1, g: 1, b: 1, a: 1}
  m_RaycastTarget: 1
  m_OnCullStateChanged:
    m_PersistentCalls:
      m_Calls: []
    m_TypeName: UnityEngine.UI.MaskableGraphic+CullStateChangedEvent, UnityEngine.UI,
      Version=1.0.0.0, Culture=neutral, PublicKeyToken=null
  m_FontData:
    m_Font: {fileID: 10102, guid: 0000000000000000e000000000000000, type: 0}
    m_FontSize: 101
    m_FontStyle: 0
    m_BestFit: 0
    m_MinSize: 10
    m_MaxSize: 198
    m_Alignment: 3
    m_AlignByGeometry: 0
    m_RichText: 0
    m_HorizontalOverflow: 1
    m_VerticalOverflow: 0
    m_LineSpacing: 1
  m_Text: 
--- !u!222 &663130671
CanvasRenderer:
  m_ObjectHideFlags: 0
  m_CorrespondingSourceObject: {fileID: 0}
  m_PrefabInstance: {fileID: 0}
  m_PrefabAsset: {fileID: 0}
  m_GameObject: {fileID: 663130668}
  m_CullTransparentMesh: 0
--- !u!1 &704587623
GameObject:
  m_ObjectHideFlags: 0
  m_CorrespondingSourceObject: {fileID: 0}
  m_PrefabInstance: {fileID: 0}
  m_PrefabAsset: {fileID: 0}
  serializedVersion: 6
  m_Component:
  - component: {fileID: 704587624}
  - component: {fileID: 704587627}
  - component: {fileID: 704587626}
  - component: {fileID: 704587625}
  m_Layer: 5
  m_Name: InputField
  m_TagString: Untagged
  m_Icon: {fileID: 0}
  m_NavMeshLayer: 0
  m_StaticEditorFlags: 0
  m_IsActive: 1
--- !u!224 &704587624
RectTransform:
  m_ObjectHideFlags: 0
  m_CorrespondingSourceObject: {fileID: 0}
  m_PrefabInstance: {fileID: 0}
  m_PrefabAsset: {fileID: 0}
  m_GameObject: {fileID: 704587623}
  m_LocalRotation: {x: 0, y: 0, z: 0, w: 1}
  m_LocalPosition: {x: 0, y: 0, z: 0}
  m_LocalScale: {x: 1, y: 1, z: 1}
  m_Children:
  - {fileID: 663130669}
  m_Father: {fileID: 543114270}
  m_RootOrder: 0
  m_LocalEulerAnglesHint: {x: 0, y: 0, z: 0}
  m_AnchorMin: {x: 0.5, y: 0.5}
  m_AnchorMax: {x: 0.5, y: 0.5}
  m_AnchoredPosition: {x: 0, y: -503.7}
  m_SizeDelta: {x: 1901.1, y: 48.9}
  m_Pivot: {x: 0.5, y: 0.5}
--- !u!114 &704587625
MonoBehaviour:
  m_ObjectHideFlags: 0
  m_CorrespondingSourceObject: {fileID: 0}
  m_PrefabInstance: {fileID: 0}
  m_PrefabAsset: {fileID: 0}
  m_GameObject: {fileID: 704587623}
  m_Enabled: 1
  m_EditorHideFlags: 0
  m_Script: {fileID: 575553740, guid: f70555f144d8491a825f0804e09c671c, type: 3}
  m_Name: 
  m_EditorClassIdentifier: 
  m_Navigation:
    m_Mode: 3
    m_SelectOnUp: {fileID: 0}
    m_SelectOnDown: {fileID: 0}
    m_SelectOnLeft: {fileID: 0}
    m_SelectOnRight: {fileID: 0}
  m_Transition: 1
  m_Colors:
    m_NormalColor: {r: 1, g: 1, b: 1, a: 1}
    m_HighlightedColor: {r: 0.9607843, g: 0.9607843, b: 0.9607843, a: 1}
    m_PressedColor: {r: 0.78431374, g: 0.78431374, b: 0.78431374, a: 1}
    m_DisabledColor: {r: 0.78431374, g: 0.78431374, b: 0.78431374, a: 0.5019608}
    m_ColorMultiplier: 1
    m_FadeDuration: 0.1
  m_SpriteState:
    m_HighlightedSprite: {fileID: 0}
    m_PressedSprite: {fileID: 0}
    m_DisabledSprite: {fileID: 0}
  m_AnimationTriggers:
    m_NormalTrigger: Normal
    m_HighlightedTrigger: Highlighted
    m_PressedTrigger: Pressed
    m_DisabledTrigger: Disabled
  m_Interactable: 1
  m_TargetGraphic: {fileID: 704587626}
  m_TextComponent: {fileID: 663130670}
  m_Placeholder: {fileID: 0}
  m_ContentType: 0
  m_InputType: 0
  m_AsteriskChar: 42
  m_KeyboardType: 0
  m_LineType: 0
  m_HideMobileInput: 0
  m_CharacterValidation: 0
  m_CharacterLimit: 0
  m_OnEndEdit:
    m_PersistentCalls:
      m_Calls:
      - m_Target: {fileID: 543114271}
        m_MethodName: SendCommand
        m_Mode: 0
        m_Arguments:
          m_ObjectArgument: {fileID: 0}
          m_ObjectArgumentAssemblyTypeName: UnityEngine.Object, UnityEngine
          m_IntArgument: 0
          m_FloatArgument: 0
          m_StringArgument: 
          m_BoolArgument: 0
        m_CallState: 2
      - m_Target: {fileID: 704587625}
        m_MethodName: set_text
        m_Mode: 5
        m_Arguments:
          m_ObjectArgument: {fileID: 0}
          m_ObjectArgumentAssemblyTypeName: UnityEngine.Object, UnityEngine
          m_IntArgument: 0
          m_FloatArgument: 0
          m_StringArgument: 
          m_BoolArgument: 0
        m_CallState: 2
    m_TypeName: UnityEngine.UI.InputField+SubmitEvent, UnityEngine.UI, Version=1.0.0.0,
      Culture=neutral, PublicKeyToken=null
  m_OnValueChanged:
    m_PersistentCalls:
      m_Calls: []
    m_TypeName: UnityEngine.UI.InputField+OnChangeEvent, UnityEngine.UI, Version=1.0.0.0,
      Culture=neutral, PublicKeyToken=null
  m_CaretColor: {r: 0.19607843, g: 0.19607843, b: 0.19607843, a: 1}
  m_CustomCaretColor: 0
  m_SelectionColor: {r: 0.65882355, g: 0.80784315, b: 1, a: 0.7529412}
  m_Text: 
  m_CaretBlinkRate: 0.85
  m_CaretWidth: 1
  m_ReadOnly: 0
--- !u!114 &704587626
MonoBehaviour:
  m_ObjectHideFlags: 0
  m_CorrespondingSourceObject: {fileID: 0}
  m_PrefabInstance: {fileID: 0}
  m_PrefabAsset: {fileID: 0}
  m_GameObject: {fileID: 704587623}
  m_Enabled: 1
  m_EditorHideFlags: 0
  m_Script: {fileID: -765806418, guid: f70555f144d8491a825f0804e09c671c, type: 3}
  m_Name: 
  m_EditorClassIdentifier: 
  m_Material: {fileID: 0}
  m_Color: {r: 0.254717, g: 0.254717, b: 0.254717, a: 1}
  m_RaycastTarget: 1
  m_OnCullStateChanged:
    m_PersistentCalls:
      m_Calls: []
    m_TypeName: UnityEngine.UI.MaskableGraphic+CullStateChangedEvent, UnityEngine.UI,
      Version=1.0.0.0, Culture=neutral, PublicKeyToken=null
  m_Sprite: {fileID: 10911, guid: 0000000000000000f000000000000000, type: 0}
  m_Type: 1
  m_PreserveAspect: 0
  m_FillCenter: 1
  m_FillMethod: 4
  m_FillAmount: 1
  m_FillClockwise: 1
  m_FillOrigin: 0
  m_UseSpriteMesh: 0
--- !u!222 &704587627
CanvasRenderer:
  m_ObjectHideFlags: 0
  m_CorrespondingSourceObject: {fileID: 0}
  m_PrefabInstance: {fileID: 0}
  m_PrefabAsset: {fileID: 0}
  m_GameObject: {fileID: 704587623}
  m_CullTransparentMesh: 0
--- !u!1 &728222411
GameObject:
  m_ObjectHideFlags: 0
  m_CorrespondingSourceObject: {fileID: 0}
  m_PrefabInstance: {fileID: 0}
  m_PrefabAsset: {fileID: 0}
  serializedVersion: 6
  m_Component:
  - component: {fileID: 728222414}
  - component: {fileID: 728222413}
  - component: {fileID: 728222412}
  m_Layer: 0
  m_Name: Scene Settings
  m_TagString: Untagged
  m_Icon: {fileID: 0}
  m_NavMeshLayer: 0
  m_StaticEditorFlags: 0
  m_IsActive: 1
--- !u!114 &728222412
MonoBehaviour:
  m_ObjectHideFlags: 0
  m_CorrespondingSourceObject: {fileID: 0}
  m_PrefabInstance: {fileID: 0}
  m_PrefabAsset: {fileID: 0}
  m_GameObject: {fileID: 728222411}
  m_Enabled: 1
  m_EditorHideFlags: 0
  m_Script: {fileID: 11500000, guid: 441482e8936e35048a1dffac814e3ef8, type: 3}
  m_Name: 
  m_EditorClassIdentifier: 
  m_Profile: {fileID: 11400000, guid: 312982a7d78c09a40b0cd90da42777be, type: 2}
  m_BakingSkyUniqueID: 2
--- !u!114 &728222413
MonoBehaviour:
  m_ObjectHideFlags: 0
  m_CorrespondingSourceObject: {fileID: 0}
  m_PrefabInstance: {fileID: 0}
  m_PrefabAsset: {fileID: 0}
  m_GameObject: {fileID: 728222411}
  m_Enabled: 1
  m_EditorHideFlags: 0
  m_Script: {fileID: 11500000, guid: 172515602e62fb746b5d573b38a5fe58, type: 3}
  m_Name: 
  m_EditorClassIdentifier: 
  isGlobal: 1
  priority: 0
  blendDistance: 0
  weight: 1
  sharedProfile: {fileID: 11400000, guid: 312982a7d78c09a40b0cd90da42777be, type: 2}
--- !u!4 &728222414
Transform:
  m_ObjectHideFlags: 0
  m_CorrespondingSourceObject: {fileID: 0}
  m_PrefabInstance: {fileID: 0}
  m_PrefabAsset: {fileID: 0}
  m_GameObject: {fileID: 728222411}
  m_LocalRotation: {x: 0, y: 0, z: 0, w: 1}
  m_LocalPosition: {x: 0, y: 0, z: 0}
  m_LocalScale: {x: 1, y: 1, z: 1}
  m_Children: []
  m_Father: {fileID: 0}
  m_RootOrder: 7
  m_LocalEulerAnglesHint: {x: 0, y: 0, z: 0}
--- !u!1 &855986857 stripped
GameObject:
  m_CorrespondingSourceObject: {fileID: 120296, guid: 407bd5cbe8c43334bb1b25c0f3826974,
    type: 3}
  m_PrefabInstance: {fileID: 927876144}
  m_PrefabAsset: {fileID: 0}
--- !u!114 &855986858
MonoBehaviour:
  m_ObjectHideFlags: 0
  m_CorrespondingSourceObject: {fileID: 0}
  m_PrefabInstance: {fileID: 0}
  m_PrefabAsset: {fileID: 0}
  m_GameObject: {fileID: 855986857}
  m_Enabled: 1
  m_EditorHideFlags: 0
  m_Script: {fileID: 11500000, guid: 23c1ce4fb46143f46bc5cb5224c934f6, type: 3}
  m_Name: 
  m_EditorClassIdentifier: 
  m_Version: 1
  clearColorMode: 0
  backgroundColorHDR: {r: 0.025, g: 0.07, b: 0.19, a: 0}
  clearDepth: 1
  renderingPath: 0
  volumeLayerMask:
    serializedVersion: 2
    m_Bits: 4294967295
  volumeAnchorOverride: {fileID: 0}
  aperture: 8
  shutterSpeed: 0.005
  iso: 400
  m_FrameSettings:
    overrides: 0
    enableShadow: 1
    enableContactShadows: 1
    enableShadowMask: 1
    enableSSR: 0
    enableSSAO: 1
    enableSubsurfaceScattering: 1
    enableTransmission: 1
    enableAtmosphericScattering: 1
    enableVolumetrics: 1
    enableReprojectionForVolumetrics: 1
    enableLightLayers: 1
    diffuseGlobalDimmer: 1
    specularGlobalDimmer: 1
    shaderLitMode: 1
    enableDepthPrepassWithDeferredRendering: 0
    enableTransparentPrepass: 1
    enableMotionVectors: 1
    enableObjectMotionVectors: 1
    enableDecals: 1
    enableRoughRefraction: 1
    enableTransparentPostpass: 1
    enableDistortion: 1
    enablePostprocess: 1
    enableOpaqueObjects: 1
    enableTransparentObjects: 1
    enableRealtimePlanarReflection: 1
    enableMSAA: 0
    enableAsyncCompute: 1
    runLightListAsync: 1
    runSSRAsync: 1
    runSSAOAsync: 1
    runContactShadowsAsync: 1
    runVolumeVoxelizationAsync: 1
    lightLoopSettings:
      overrides: 0
      enableTileAndCluster: 1
      enableComputeLightEvaluation: 1
      enableComputeLightVariants: 1
      enableComputeMaterialVariants: 1
      enableFptlForForwardOpaque: 1
      enableBigTilePrepass: 1
      isFptlEnabled: 1
--- !u!114 &855986865
MonoBehaviour:
  m_ObjectHideFlags: 0
  m_CorrespondingSourceObject: {fileID: 0}
  m_PrefabInstance: {fileID: 0}
  m_PrefabAsset: {fileID: 0}
  m_GameObject: {fileID: 855986857}
  m_Enabled: 1
  m_EditorHideFlags: 0
  m_Script: {fileID: 11500000, guid: 0f329bf3d5ef3da428227dbfe1b34c33, type: 3}
  m_Name: 
  m_EditorClassIdentifier: 
  offset: {x: -5, y: 3, z: -5}
  site: {fileID: 937224571}
--- !u!1 &889306514
GameObject:
  m_ObjectHideFlags: 0
  m_CorrespondingSourceObject: {fileID: 0}
  m_PrefabInstance: {fileID: 0}
  m_PrefabAsset: {fileID: 0}
  serializedVersion: 6
  m_Component:
  - component: {fileID: 889306515}
  - component: {fileID: 889306517}
  - component: {fileID: 889306516}
  - component: {fileID: 889306519}
  - component: {fileID: 889306518}
  m_Layer: 5
  m_Name: Panel
  m_TagString: Untagged
  m_Icon: {fileID: 0}
  m_NavMeshLayer: 0
  m_StaticEditorFlags: 0
  m_IsActive: 1
--- !u!224 &889306515
RectTransform:
  m_ObjectHideFlags: 0
  m_CorrespondingSourceObject: {fileID: 0}
  m_PrefabInstance: {fileID: 0}
  m_PrefabAsset: {fileID: 0}
  m_GameObject: {fileID: 889306514}
  m_LocalRotation: {x: 0, y: 0, z: 0, w: 1}
  m_LocalPosition: {x: 0, y: 0, z: 0}
  m_LocalScale: {x: 0.65, y: 0.65, z: 1}
  m_Children:
  - {fileID: 568803385}
  m_Father: {fileID: 105295818}
  m_RootOrder: 1
  m_LocalEulerAnglesHint: {x: 0, y: 0, z: 0}
  m_AnchorMin: {x: 0, y: 0}
  m_AnchorMax: {x: 1, y: 1}
  m_AnchoredPosition: {x: 11.100006, y: 0}
  m_SizeDelta: {x: -426.9, y: 0}
  m_Pivot: {x: 0.5, y: 0.5}
--- !u!114 &889306516
MonoBehaviour:
  m_ObjectHideFlags: 0
  m_CorrespondingSourceObject: {fileID: 0}
  m_PrefabInstance: {fileID: 0}
  m_PrefabAsset: {fileID: 0}
  m_GameObject: {fileID: 889306514}
  m_Enabled: 1
  m_EditorHideFlags: 0
  m_Script: {fileID: -765806418, guid: f70555f144d8491a825f0804e09c671c, type: 3}
  m_Name: 
  m_EditorClassIdentifier: 
  m_Material: {fileID: 0}
  m_Color: {r: 1, g: 1, b: 1, a: 0.72156864}
  m_RaycastTarget: 1
  m_OnCullStateChanged:
    m_PersistentCalls:
      m_Calls: []
    m_TypeName: UnityEngine.UI.MaskableGraphic+CullStateChangedEvent, UnityEngine.UI,
      Version=1.0.0.0, Culture=neutral, PublicKeyToken=null
  m_Sprite: {fileID: 0}
  m_Type: 1
  m_PreserveAspect: 0
  m_FillCenter: 1
  m_FillMethod: 4
  m_FillAmount: 1
  m_FillClockwise: 1
  m_FillOrigin: 0
  m_UseSpriteMesh: 0
--- !u!222 &889306517
CanvasRenderer:
  m_ObjectHideFlags: 0
  m_CorrespondingSourceObject: {fileID: 0}
  m_PrefabInstance: {fileID: 0}
  m_PrefabAsset: {fileID: 0}
  m_GameObject: {fileID: 889306514}
  m_CullTransparentMesh: 0
--- !u!114 &889306518
MonoBehaviour:
  m_ObjectHideFlags: 0
  m_CorrespondingSourceObject: {fileID: 0}
  m_PrefabInstance: {fileID: 0}
  m_PrefabAsset: {fileID: 0}
  m_GameObject: {fileID: 889306514}
  m_Enabled: 1
  m_EditorHideFlags: 0
  m_Script: {fileID: 1297475563, guid: f70555f144d8491a825f0804e09c671c, type: 3}
  m_Name: 
  m_EditorClassIdentifier: 
  m_Padding:
    m_Left: 0
    m_Right: 0
    m_Top: 0
    m_Bottom: 0
  m_ChildAlignment: 0
  m_Spacing: 0
  m_ChildForceExpandWidth: 1
  m_ChildForceExpandHeight: 1
  m_ChildControlWidth: 0
  m_ChildControlHeight: 0
--- !u!114 &889306519
MonoBehaviour:
  m_ObjectHideFlags: 0
  m_CorrespondingSourceObject: {fileID: 0}
  m_PrefabInstance: {fileID: 0}
  m_PrefabAsset: {fileID: 0}
  m_GameObject: {fileID: 889306514}
  m_Enabled: 1
  m_EditorHideFlags: 0
  m_Script: {fileID: 1741964061, guid: f70555f144d8491a825f0804e09c671c, type: 3}
  m_Name: 
  m_EditorClassIdentifier: 
  m_HorizontalFit: 0
  m_VerticalFit: 1
--- !u!1 &901096428
GameObject:
  m_ObjectHideFlags: 0
  m_CorrespondingSourceObject: {fileID: 0}
  m_PrefabInstance: {fileID: 0}
  m_PrefabAsset: {fileID: 0}
  serializedVersion: 6
  m_Component:
  - component: {fileID: 901096431}
  - component: {fileID: 901096430}
  - component: {fileID: 901096429}
  m_Layer: 0
  m_Name: EventSystem
  m_TagString: Untagged
  m_Icon: {fileID: 0}
  m_NavMeshLayer: 0
  m_StaticEditorFlags: 0
  m_IsActive: 1
--- !u!114 &901096429
MonoBehaviour:
  m_ObjectHideFlags: 0
  m_CorrespondingSourceObject: {fileID: 0}
  m_PrefabInstance: {fileID: 0}
  m_PrefabAsset: {fileID: 0}
  m_GameObject: {fileID: 901096428}
  m_Enabled: 1
  m_EditorHideFlags: 0
  m_Script: {fileID: 1077351063, guid: f70555f144d8491a825f0804e09c671c, type: 3}
  m_Name: 
  m_EditorClassIdentifier: 
  m_HorizontalAxis: Horizontal
  m_VerticalAxis: Vertical
  m_SubmitButton: Submit
  m_CancelButton: Cancel
  m_InputActionsPerSecond: 10
  m_RepeatDelay: 0.5
  m_ForceModuleActive: 0
--- !u!114 &901096430
MonoBehaviour:
  m_ObjectHideFlags: 0
  m_CorrespondingSourceObject: {fileID: 0}
  m_PrefabInstance: {fileID: 0}
  m_PrefabAsset: {fileID: 0}
  m_GameObject: {fileID: 901096428}
  m_Enabled: 1
  m_EditorHideFlags: 0
  m_Script: {fileID: -619905303, guid: f70555f144d8491a825f0804e09c671c, type: 3}
  m_Name: 
  m_EditorClassIdentifier: 
  m_FirstSelected: {fileID: 0}
  m_sendNavigationEvents: 1
  m_DragThreshold: 10
--- !u!4 &901096431
Transform:
  m_ObjectHideFlags: 0
  m_CorrespondingSourceObject: {fileID: 0}
  m_PrefabInstance: {fileID: 0}
  m_PrefabAsset: {fileID: 0}
  m_GameObject: {fileID: 901096428}
  m_LocalRotation: {x: 0, y: 0, z: 0, w: 1}
  m_LocalPosition: {x: 0, y: 0, z: 0}
  m_LocalScale: {x: 1, y: 1, z: 1}
  m_Children: []
  m_Father: {fileID: 0}
  m_RootOrder: 2
  m_LocalEulerAnglesHint: {x: 0, y: 0, z: 0}
--- !u!1001 &927876144
PrefabInstance:
  m_ObjectHideFlags: 0
  serializedVersion: 2
  m_Modification:
    m_TransformParent: {fileID: 0}
    m_Modifications:
    - target: {fileID: 120296, guid: 407bd5cbe8c43334bb1b25c0f3826974, type: 3}
      propertyPath: m_Name
      value: RTS_Camera
      objectReference: {fileID: 0}
    - target: {fileID: 459968, guid: 407bd5cbe8c43334bb1b25c0f3826974, type: 3}
      propertyPath: m_LocalPosition.x
      value: -2
      objectReference: {fileID: 0}
    - target: {fileID: 459968, guid: 407bd5cbe8c43334bb1b25c0f3826974, type: 3}
      propertyPath: m_LocalPosition.y
      value: 5
      objectReference: {fileID: 0}
    - target: {fileID: 459968, guid: 407bd5cbe8c43334bb1b25c0f3826974, type: 3}
      propertyPath: m_LocalPosition.z
      value: -2
      objectReference: {fileID: 0}
    - target: {fileID: 459968, guid: 407bd5cbe8c43334bb1b25c0f3826974, type: 3}
      propertyPath: m_LocalRotation.x
      value: 0.3213938
      objectReference: {fileID: 0}
    - target: {fileID: 459968, guid: 407bd5cbe8c43334bb1b25c0f3826974, type: 3}
      propertyPath: m_LocalRotation.y
      value: 0.3213938
      objectReference: {fileID: 0}
    - target: {fileID: 459968, guid: 407bd5cbe8c43334bb1b25c0f3826974, type: 3}
      propertyPath: m_LocalRotation.z
      value: -0.116977744
      objectReference: {fileID: 0}
    - target: {fileID: 459968, guid: 407bd5cbe8c43334bb1b25c0f3826974, type: 3}
      propertyPath: m_LocalRotation.w
      value: 0.8830223
      objectReference: {fileID: 0}
    - target: {fileID: 459968, guid: 407bd5cbe8c43334bb1b25c0f3826974, type: 3}
      propertyPath: m_RootOrder
      value: 0
      objectReference: {fileID: 0}
    - target: {fileID: 459968, guid: 407bd5cbe8c43334bb1b25c0f3826974, type: 3}
      propertyPath: m_LocalEulerAnglesHint.x
      value: 40
      objectReference: {fileID: 0}
    - target: {fileID: 459968, guid: 407bd5cbe8c43334bb1b25c0f3826974, type: 3}
      propertyPath: m_LocalEulerAnglesHint.y
      value: 40
      objectReference: {fileID: 0}
    - target: {fileID: 459968, guid: 407bd5cbe8c43334bb1b25c0f3826974, type: 3}
      propertyPath: m_LocalEulerAnglesHint.z
      value: 0
      objectReference: {fileID: 0}
    - target: {fileID: 459968, guid: 407bd5cbe8c43334bb1b25c0f3826974, type: 3}
      propertyPath: m_LocalScale.y
      value: 1
      objectReference: {fileID: 0}
    - target: {fileID: 459968, guid: 407bd5cbe8c43334bb1b25c0f3826974, type: 3}
      propertyPath: m_LocalScale.z
      value: 1
      objectReference: {fileID: 0}
    - target: {fileID: 459968, guid: 407bd5cbe8c43334bb1b25c0f3826974, type: 3}
      propertyPath: m_LocalScale.x
      value: 1
      objectReference: {fileID: 0}
    - target: {fileID: 2056488, guid: 407bd5cbe8c43334bb1b25c0f3826974, type: 3}
      propertyPath: m_HDR
      value: 0
      objectReference: {fileID: 0}
    - target: {fileID: 2056488, guid: 407bd5cbe8c43334bb1b25c0f3826974, type: 3}
      propertyPath: m_RenderingPath
      value: -1
      objectReference: {fileID: 0}
    - target: {fileID: 2056488, guid: 407bd5cbe8c43334bb1b25c0f3826974, type: 3}
      propertyPath: m_AllowMSAA
      value: 0
      objectReference: {fileID: 0}
    - target: {fileID: 11455738, guid: 407bd5cbe8c43334bb1b25c0f3826974, type: 3}
      propertyPath: lastTab
      value: 1
      objectReference: {fileID: 0}
    - target: {fileID: 11455738, guid: 407bd5cbe8c43334bb1b25c0f3826974, type: 3}
      propertyPath: heightDampening
      value: 2
      objectReference: {fileID: 0}
    - target: {fileID: 11455738, guid: 407bd5cbe8c43334bb1b25c0f3826974, type: 3}
      propertyPath: minHeight
      value: 2
      objectReference: {fileID: 0}
    - target: {fileID: 11455738, guid: 407bd5cbe8c43334bb1b25c0f3826974, type: 3}
      propertyPath: scrollWheelZoomingSensitivity
      value: -5
      objectReference: {fileID: 0}
    - target: {fileID: 11455738, guid: 407bd5cbe8c43334bb1b25c0f3826974, type: 3}
      propertyPath: autoHeight
      value: 1
      objectReference: {fileID: 0}
    - target: {fileID: 11455738, guid: 407bd5cbe8c43334bb1b25c0f3826974, type: 3}
      propertyPath: mouseRotationSpeed
      value: -200
      objectReference: {fileID: 0}
    - target: {fileID: 11455738, guid: 407bd5cbe8c43334bb1b25c0f3826974, type: 3}
      propertyPath: rotateLeftKey
      value: 113
      objectReference: {fileID: 0}
    - target: {fileID: 11455738, guid: 407bd5cbe8c43334bb1b25c0f3826974, type: 3}
      propertyPath: rotateRightKey
      value: 101
      objectReference: {fileID: 0}
    - target: {fileID: 11455738, guid: 407bd5cbe8c43334bb1b25c0f3826974, type: 3}
      propertyPath: zoomInKey
      value: 122
      objectReference: {fileID: 0}
    - target: {fileID: 11455738, guid: 407bd5cbe8c43334bb1b25c0f3826974, type: 3}
      propertyPath: zoomOutKey
      value: 120
      objectReference: {fileID: 0}
    - target: {fileID: 11455738, guid: 407bd5cbe8c43334bb1b25c0f3826974, type: 3}
      propertyPath: rotationSped
      value: -150
      objectReference: {fileID: 0}
    - target: {fileID: 11488424, guid: 407bd5cbe8c43334bb1b25c0f3826974, type: 3}
      propertyPath: m_Enabled
      value: 0
      objectReference: {fileID: 0}
    m_RemovedComponents: []
  m_SourcePrefab: {fileID: 100100000, guid: 407bd5cbe8c43334bb1b25c0f3826974, type: 3}
--- !u!1 &937224570
GameObject:
  m_ObjectHideFlags: 0
  m_CorrespondingSourceObject: {fileID: 0}
  m_PrefabInstance: {fileID: 0}
  m_PrefabAsset: {fileID: 0}
  serializedVersion: 6
  m_Component:
  - component: {fileID: 937224572}
  - component: {fileID: 937224571}
  - component: {fileID: 937224574}
  - component: {fileID: 937224573}
  m_Layer: 0
  m_Name: Construction Site
  m_TagString: Untagged
  m_Icon: {fileID: 0}
  m_NavMeshLayer: 0
  m_StaticEditorFlags: 4294967295
  m_IsActive: 1
--- !u!114 &937224571
MonoBehaviour:
  m_ObjectHideFlags: 0
  m_CorrespondingSourceObject: {fileID: 0}
  m_PrefabInstance: {fileID: 0}
  m_PrefabAsset: {fileID: 0}
  m_GameObject: {fileID: 937224570}
  m_Enabled: 1
  m_EditorHideFlags: 0
  m_Script: {fileID: 11500000, guid: 829a7b32044d1ff4eb5ae417c3b706ea, type: 3}
  m_Name: 
  m_EditorClassIdentifier: 
  loadFromPath: Assets/Resources/GameData/Campaign/Campaign_1/Level.dat
  load: 1
  current:
    widht: 6
    lenght: 6
    height: 1
    underheight: 3
    layers:
    - level: 1
      widht: 6
      height: 6
      tiles:
      - blockID: 0:0
        coord:
          x: 0
          y: 1
          z: 0
      - blockID: 0:0
        coord:
          x: 1
          y: 1
          z: 0
      - blockID: 0:0
        coord:
          x: 2
          y: 1
          z: 0
      - blockID: 0:0
        coord:
          x: 3
          y: 1
          z: 0
      - blockID: 0:0
        coord:
          x: 4
          y: 1
          z: 0
      - blockID: 0:0
        coord:
          x: 5
          y: 1
          z: 0
      - blockID: 0:0
        coord:
          x: 0
          y: 1
          z: 1
      - blockID: 0:0
        coord:
          x: 1
          y: 1
          z: 1
      - blockID: 0:0
        coord:
          x: 2
          y: 1
          z: 1
      - blockID: 0:0
        coord:
          x: 3
          y: 1
          z: 1
      - blockID: 0:0
        coord:
          x: 4
          y: 1
          z: 1
      - blockID: 0:0
        coord:
          x: 5
          y: 1
          z: 1
      - blockID: 0:0
        coord:
          x: 0
          y: 1
          z: 2
      - blockID: 0:0
        coord:
          x: 1
          y: 1
          z: 2
      - blockID: 0:0
        coord:
          x: 2
          y: 1
          z: 2
      - blockID: 0:0
        coord:
          x: 3
          y: 1
          z: 2
      - blockID: 0:0
        coord:
          x: 4
          y: 1
          z: 2
      - blockID: 0:0
        coord:
          x: 5
          y: 1
          z: 2
      - blockID: 0:0
        coord:
          x: 0
          y: 1
          z: 3
      - blockID: 0:0
        coord:
          x: 1
          y: 1
          z: 3
      - blockID: 0:0
        coord:
          x: 2
          y: 1
          z: 3
      - blockID: 0:0
        coord:
          x: 3
          y: 1
          z: 3
      - blockID: 0:0
        coord:
          x: 4
          y: 1
          z: 3
      - blockID: 0:0
        coord:
          x: 5
          y: 1
          z: 3
      - blockID: 0:0
        coord:
          x: 0
          y: 1
          z: 4
      - blockID: 0:0
        coord:
          x: 1
          y: 1
          z: 4
      - blockID: 0:0
        coord:
          x: 2
          y: 1
          z: 4
      - blockID: 0:0
        coord:
          x: 3
          y: 1
          z: 4
      - blockID: 0:0
        coord:
          x: 4
          y: 1
          z: 4
      - blockID: 0:0
        coord:
          x: 5
          y: 1
          z: 4
      - blockID: 0:0
        coord:
          x: 0
          y: 1
          z: 5
      - blockID: 0:0
        coord:
          x: 1
          y: 1
          z: 5
      - blockID: 0:0
        coord:
          x: 2
          y: 1
          z: 5
      - blockID: 0:0
        coord:
          x: 3
          y: 1
          z: 5
      - blockID: 0:0
        coord:
          x: 4
          y: 1
          z: 5
      - blockID: 0:0
        coord:
          x: 5
          y: 1
          z: 5
    - level: 0
      widht: 6
      height: 6
      tiles:
      - blockID: 2:0
        coord:
          x: 0
          y: 0
          z: 0
      - blockID: 2:0
        coord:
          x: 1
          y: 0
          z: 0
      - blockID: 2:0
        coord:
          x: 2
          y: 0
          z: 0
      - blockID: 2:0
        coord:
          x: 3
          y: 0
          z: 0
      - blockID: 2:0
        coord:
          x: 4
          y: 0
          z: 0
      - blockID: 2:0
        coord:
          x: 5
          y: 0
          z: 0
      - blockID: 2:0
        coord:
          x: 0
          y: 0
          z: 1
      - blockID: 2:0
        coord:
          x: 1
          y: 0
          z: 1
      - blockID: 2:0
        coord:
          x: 2
          y: 0
          z: 1
      - blockID: 2:0
        coord:
          x: 3
          y: 0
          z: 1
      - blockID: 2:0
        coord:
          x: 4
          y: 0
          z: 1
      - blockID: 2:0
        coord:
          x: 5
          y: 0
          z: 1
      - blockID: 2:0
        coord:
          x: 0
          y: 0
          z: 2
      - blockID: 2:0
        coord:
          x: 1
          y: 0
          z: 2
      - blockID: 2:0
        coord:
          x: 2
          y: 0
          z: 2
      - blockID: 2:0
        coord:
          x: 3
          y: 0
          z: 2
      - blockID: 2:0
        coord:
          x: 4
          y: 0
          z: 2
      - blockID: 2:0
        coord:
          x: 5
          y: 0
          z: 2
      - blockID: 2:0
        coord:
          x: 0
          y: 0
          z: 3
      - blockID: 2:0
        coord:
          x: 1
          y: 0
          z: 3
      - blockID: 2:0
        coord:
          x: 2
          y: 0
          z: 3
      - blockID: 2:0
        coord:
          x: 3
          y: 0
          z: 3
      - blockID: 2:0
        coord:
          x: 4
          y: 0
          z: 3
      - blockID: 2:0
        coord:
          x: 5
          y: 0
          z: 3
      - blockID: 2:0
        coord:
          x: 0
          y: 0
          z: 4
      - blockID: 2:0
        coord:
          x: 1
          y: 0
          z: 4
      - blockID: 2:0
        coord:
          x: 2
          y: 0
          z: 4
      - blockID: 2:0
        coord:
          x: 3
          y: 0
          z: 4
      - blockID: 2:0
        coord:
          x: 4
          y: 0
          z: 4
      - blockID: 2:0
        coord:
          x: 5
          y: 0
          z: 4
      - blockID: 2:0
        coord:
          x: 0
          y: 0
          z: 5
      - blockID: 2:0
        coord:
          x: 1
          y: 0
          z: 5
      - blockID: 2:0
        coord:
          x: 2
          y: 0
          z: 5
      - blockID: 2:0
        coord:
          x: 3
          y: 0
          z: 5
      - blockID: 2:0
        coord:
          x: 4
          y: 0
          z: 5
      - blockID: 2:0
        coord:
          x: 5
          y: 0
          z: 5
    - level: -1
      widht: 6
      height: 6
      tiles:
      - blockID: 1:0
        coord:
          x: 0
          y: -1
          z: 0
      - blockID: 1:0
        coord:
          x: 1
          y: -1
          z: 0
      - blockID: 1:0
        coord:
          x: 2
          y: -1
          z: 0
      - blockID: 1:0
        coord:
          x: 3
          y: -1
          z: 0
      - blockID: 1:0
        coord:
          x: 4
          y: -1
          z: 0
      - blockID: 1:0
        coord:
          x: 5
          y: -1
          z: 0
      - blockID: 1:0
        coord:
          x: 0
          y: -1
          z: 1
      - blockID: 1:0
        coord:
          x: 1
          y: -1
          z: 1
      - blockID: 1:0
        coord:
          x: 2
          y: -1
          z: 1
      - blockID: 1:0
        coord:
          x: 3
          y: -1
          z: 1
      - blockID: 1:0
        coord:
          x: 4
          y: -1
          z: 1
      - blockID: 1:0
        coord:
          x: 5
          y: -1
          z: 1
      - blockID: 1:0
        coord:
          x: 0
          y: -1
          z: 2
      - blockID: 1:0
        coord:
          x: 1
          y: -1
          z: 2
      - blockID: 1:0
        coord:
          x: 2
          y: -1
          z: 2
      - blockID: 1:0
        coord:
          x: 3
          y: -1
          z: 2
      - blockID: 1:0
        coord:
          x: 4
          y: -1
          z: 2
      - blockID: 1:0
        coord:
          x: 5
          y: -1
          z: 2
      - blockID: 1:0
        coord:
          x: 0
          y: -1
          z: 3
      - blockID: 1:0
        coord:
          x: 1
          y: -1
          z: 3
      - blockID: 1:0
        coord:
          x: 2
          y: -1
          z: 3
      - blockID: 1:0
        coord:
          x: 3
          y: -1
          z: 3
      - blockID: 1:0
        coord:
          x: 4
          y: -1
          z: 3
      - blockID: 1:0
        coord:
          x: 5
          y: -1
          z: 3
      - blockID: 1:0
        coord:
          x: 0
          y: -1
          z: 4
      - blockID: 1:0
        coord:
          x: 1
          y: -1
          z: 4
      - blockID: 1:0
        coord:
          x: 2
          y: -1
          z: 4
      - blockID: 1:0
        coord:
          x: 3
          y: -1
          z: 4
      - blockID: 1:0
        coord:
          x: 4
          y: -1
          z: 4
      - blockID: 1:0
        coord:
          x: 5
          y: -1
          z: 4
      - blockID: 1:0
        coord:
          x: 0
          y: -1
          z: 5
      - blockID: 1:0
        coord:
          x: 1
          y: -1
          z: 5
      - blockID: 1:0
        coord:
          x: 2
          y: -1
          z: 5
      - blockID: 1:0
        coord:
          x: 3
          y: -1
          z: 5
      - blockID: 1:0
        coord:
          x: 4
          y: -1
          z: 5
      - blockID: 1:0
        coord:
          x: 5
          y: -1
          z: 5
    - level: -2
      widht: 6
      height: 6
      tiles:
      - blockID: 3:1
        coord:
          x: 0
          y: -2
          z: 0
      - blockID: 3:1
        coord:
          x: 1
          y: -2
          z: 0
      - blockID: 3:1
        coord:
          x: 2
          y: -2
          z: 0
      - blockID: 3:1
        coord:
          x: 3
          y: -2
          z: 0
      - blockID: 3:1
        coord:
          x: 4
          y: -2
          z: 0
      - blockID: 3:1
        coord:
          x: 5
          y: -2
          z: 0
      - blockID: 3:1
        coord:
          x: 0
          y: -2
          z: 1
      - blockID: 3:1
        coord:
          x: 1
          y: -2
          z: 1
      - blockID: 3:1
        coord:
          x: 2
          y: -2
          z: 1
      - blockID: 3:1
        coord:
          x: 3
          y: -2
          z: 1
      - blockID: 3:1
        coord:
          x: 4
          y: -2
          z: 1
      - blockID: 3:1
        coord:
          x: 5
          y: -2
          z: 1
      - blockID: 3:1
        coord:
          x: 0
          y: -2
          z: 2
      - blockID: 3:1
        coord:
          x: 1
          y: -2
          z: 2
      - blockID: 3:1
        coord:
          x: 2
          y: -2
          z: 2
      - blockID: 3:1
        coord:
          x: 3
          y: -2
          z: 2
      - blockID: 3:1
        coord:
          x: 4
          y: -2
          z: 2
      - blockID: 3:1
        coord:
          x: 5
          y: -2
          z: 2
      - blockID: 3:1
        coord:
          x: 0
          y: -2
          z: 3
      - blockID: 3:1
        coord:
          x: 1
          y: -2
          z: 3
      - blockID: 3:1
        coord:
          x: 2
          y: -2
          z: 3
      - blockID: 3:1
        coord:
          x: 3
          y: -2
          z: 3
      - blockID: 3:1
        coord:
          x: 4
          y: -2
          z: 3
      - blockID: 3:1
        coord:
          x: 5
          y: -2
          z: 3
      - blockID: 3:1
        coord:
          x: 0
          y: -2
          z: 4
      - blockID: 3:1
        coord:
          x: 1
          y: -2
          z: 4
      - blockID: 3:1
        coord:
          x: 2
          y: -2
          z: 4
      - blockID: 3:1
        coord:
          x: 3
          y: -2
          z: 4
      - blockID: 3:1
        coord:
          x: 4
          y: -2
          z: 4
      - blockID: 3:1
        coord:
          x: 5
          y: -2
          z: 4
      - blockID: 3:1
        coord:
          x: 0
          y: -2
          z: 5
      - blockID: 3:1
        coord:
          x: 1
          y: -2
          z: 5
      - blockID: 3:1
        coord:
          x: 2
          y: -2
          z: 5
      - blockID: 3:1
        coord:
          x: 3
          y: -2
          z: 5
      - blockID: 3:1
        coord:
          x: 4
          y: -2
          z: 5
      - blockID: 3:1
        coord:
          x: 5
          y: -2
          z: 5
    - level: -3
      widht: 6
      height: 6
      tiles:
      - blockID: 3:2
        coord:
          x: 0
          y: -3
          z: 0
      - blockID: 3:2
        coord:
          x: 1
          y: -3
          z: 0
      - blockID: 3:2
        coord:
          x: 2
          y: -3
          z: 0
      - blockID: 3:2
        coord:
          x: 3
          y: -3
          z: 0
      - blockID: 3:2
        coord:
          x: 4
          y: -3
          z: 0
      - blockID: 3:2
        coord:
          x: 5
          y: -3
          z: 0
      - blockID: 3:2
        coord:
          x: 0
          y: -3
          z: 1
      - blockID: 3:2
        coord:
          x: 1
          y: -3
          z: 1
      - blockID: 3:2
        coord:
          x: 2
          y: -3
          z: 1
      - blockID: 3:2
        coord:
          x: 3
          y: -3
          z: 1
      - blockID: 3:2
        coord:
          x: 4
          y: -3
          z: 1
      - blockID: 3:2
        coord:
          x: 5
          y: -3
          z: 1
      - blockID: 3:2
        coord:
          x: 0
          y: -3
          z: 2
      - blockID: 3:2
        coord:
          x: 1
          y: -3
          z: 2
      - blockID: 3:2
        coord:
          x: 2
          y: -3
          z: 2
      - blockID: 3:2
        coord:
          x: 3
          y: -3
          z: 2
      - blockID: 3:2
        coord:
          x: 4
          y: -3
          z: 2
      - blockID: 3:2
        coord:
          x: 5
          y: -3
          z: 2
      - blockID: 3:2
        coord:
          x: 0
          y: -3
          z: 3
      - blockID: 3:2
        coord:
          x: 1
          y: -3
          z: 3
      - blockID: 3:2
        coord:
          x: 2
          y: -3
          z: 3
      - blockID: 3:2
        coord:
          x: 3
          y: -3
          z: 3
      - blockID: 3:2
        coord:
          x: 4
          y: -3
          z: 3
      - blockID: 3:2
        coord:
          x: 5
          y: -3
          z: 3
      - blockID: 3:2
        coord:
          x: 0
          y: -3
          z: 4
      - blockID: 3:2
        coord:
          x: 1
          y: -3
          z: 4
      - blockID: 3:2
        coord:
          x: 2
          y: -3
          z: 4
      - blockID: 3:2
        coord:
          x: 3
          y: -3
          z: 4
      - blockID: 3:2
        coord:
          x: 4
          y: -3
          z: 4
      - blockID: 3:2
        coord:
          x: 5
          y: -3
          z: 4
      - blockID: 3:2
        coord:
          x: 0
          y: -3
          z: 5
      - blockID: 3:2
        coord:
          x: 1
          y: -3
          z: 5
      - blockID: 3:2
        coord:
          x: 2
          y: -3
          z: 5
      - blockID: 3:2
        coord:
          x: 3
          y: -3
          z: 5
      - blockID: 3:2
        coord:
          x: 4
          y: -3
          z: 5
      - blockID: 3:2
        coord:
          x: 5
          y: -3
          z: 5
--- !u!4 &937224572
Transform:
  m_ObjectHideFlags: 0
  m_CorrespondingSourceObject: {fileID: 0}
  m_PrefabInstance: {fileID: 0}
  m_PrefabAsset: {fileID: 0}
  m_GameObject: {fileID: 937224570}
  m_LocalRotation: {x: -0, y: -0, z: -0, w: 1}
  m_LocalPosition: {x: 0, y: 0, z: 0}
  m_LocalScale: {x: 1, y: 1, z: 1}
  m_Children: []
  m_Father: {fileID: 0}
  m_RootOrder: 3
  m_LocalEulerAnglesHint: {x: 0, y: 0, z: 0}
--- !u!114 &937224573
MonoBehaviour:
  m_ObjectHideFlags: 0
  m_CorrespondingSourceObject: {fileID: 0}
  m_PrefabInstance: {fileID: 0}
  m_PrefabAsset: {fileID: 0}
  m_GameObject: {fileID: 937224570}
  m_Enabled: 1
  m_EditorHideFlags: 0
  m_Script: {fileID: 11500000, guid: 298a79e2af64db2419be0cf43bd90a0f, type: 3}
  m_Name: 
  m_EditorClassIdentifier: 
  site: {fileID: 937224571}
  entity: {fileID: 3178917304160181103, guid: 42ba79b4ece1fee4890085c8a357f131, type: 3}
  pos:
    x: 2
    y: 0
    z: 2
--- !u!114 &937224574
MonoBehaviour:
  m_ObjectHideFlags: 0
  m_CorrespondingSourceObject: {fileID: 0}
  m_PrefabInstance: {fileID: 0}
  m_PrefabAsset: {fileID: 0}
  m_GameObject: {fileID: 937224570}
  m_Enabled: 1
  m_EditorHideFlags: 0
  m_Script: {fileID: 11500000, guid: e1416a672e81cdd4faaa7632661903ef, type: 3}
  m_Name: 
  m_EditorClassIdentifier: 
  path: Assets/Resources/GameData/Campaign/Campaign_1/Level.dat
  widht: 6
  height: 1
  underheight: 3
  lenght: 6
  layersInfo:
  - blockData: {fileID: 11400000, guid: ef76d53c0f6e3b04f98683e92fe99b40, type: 2}
    percentage: 0.48947358
    layerCount: 1
  - blockData: {fileID: 11400000, guid: 7cb013bb1db1726409e806b34d31bc60, type: 2}
    percentage: 0.73157895
    layerCount: 1
  - blockData: {fileID: 11400000, guid: 08dec4f935050774e8d651d5f0873f97, type: 2}
    percentage: 1
    layerCount: 1
--- !u!1 &1011149388
GameObject:
  m_ObjectHideFlags: 0
  m_CorrespondingSourceObject: {fileID: 0}
  m_PrefabInstance: {fileID: 0}
  m_PrefabAsset: {fileID: 0}
  serializedVersion: 6
  m_Component:
  - component: {fileID: 1011149389}
  - component: {fileID: 1011149391}
  - component: {fileID: 1011149390}
  m_Layer: 5
  m_Name: Text
  m_TagString: Untagged
  m_Icon: {fileID: 0}
  m_NavMeshLayer: 0
  m_StaticEditorFlags: 0
  m_IsActive: 1
--- !u!224 &1011149389
RectTransform:
  m_ObjectHideFlags: 0
  m_CorrespondingSourceObject: {fileID: 0}
  m_PrefabInstance: {fileID: 0}
  m_PrefabAsset: {fileID: 0}
  m_GameObject: {fileID: 1011149388}
  m_LocalRotation: {x: 0, y: 0, z: 0, w: 1}
  m_LocalPosition: {x: 0, y: 0, z: 0}
  m_LocalScale: {x: 1, y: 1, z: 1}
  m_Children: []
  m_Father: {fileID: 568803385}
  m_RootOrder: 0
  m_LocalEulerAnglesHint: {x: 0, y: 0, z: 0}
  m_AnchorMin: {x: 0, y: 0}
  m_AnchorMax: {x: 1, y: 1}
  m_AnchoredPosition: {x: 0, y: 0}
  m_SizeDelta: {x: 0, y: 0}
  m_Pivot: {x: 0.5, y: 0.5}
--- !u!114 &1011149390
MonoBehaviour:
  m_ObjectHideFlags: 0
  m_CorrespondingSourceObject: {fileID: 0}
  m_PrefabInstance: {fileID: 0}
  m_PrefabAsset: {fileID: 0}
  m_GameObject: {fileID: 1011149388}
  m_Enabled: 1
  m_EditorHideFlags: 0
  m_Script: {fileID: 708705254, guid: f70555f144d8491a825f0804e09c671c, type: 3}
  m_Name: 
  m_EditorClassIdentifier: 
  m_Material: {fileID: 0}
  m_Color: {r: 0.19607843, g: 0.19607843, b: 0.19607843, a: 1}
  m_RaycastTarget: 1
  m_OnCullStateChanged:
    m_PersistentCalls:
      m_Calls: []
    m_TypeName: UnityEngine.UI.MaskableGraphic+CullStateChangedEvent, UnityEngine.UI,
      Version=1.0.0.0, Culture=neutral, PublicKeyToken=null
  m_FontData:
    m_Font: {fileID: 10102, guid: 0000000000000000e000000000000000, type: 0}
    m_FontSize: 14
    m_FontStyle: 0
    m_BestFit: 1
    m_MinSize: 10
    m_MaxSize: 40
    m_Alignment: 4
    m_AlignByGeometry: 0
    m_RichText: 1
    m_HorizontalOverflow: 0
    m_VerticalOverflow: 0
    m_LineSpacing: 1
  m_Text: Quick Action
--- !u!222 &1011149391
CanvasRenderer:
  m_ObjectHideFlags: 0
  m_CorrespondingSourceObject: {fileID: 0}
  m_PrefabInstance: {fileID: 0}
  m_PrefabAsset: {fileID: 0}
  m_GameObject: {fileID: 1011149388}
  m_CullTransparentMesh: 0
--- !u!1 &1810447023
GameObject:
  m_ObjectHideFlags: 0
  m_CorrespondingSourceObject: {fileID: 0}
  m_PrefabInstance: {fileID: 0}
  m_PrefabAsset: {fileID: 0}
  serializedVersion: 6
  m_Component:
  - component: {fileID: 1810447024}
  - component: {fileID: 1810447027}
  - component: {fileID: 1810447026}
  - component: {fileID: 1810447025}
  m_Layer: 5
  m_Name: Disactivation panel
  m_TagString: Untagged
  m_Icon: {fileID: 0}
  m_NavMeshLayer: 0
  m_StaticEditorFlags: 0
  m_IsActive: 1
--- !u!224 &1810447024
RectTransform:
  m_ObjectHideFlags: 0
  m_CorrespondingSourceObject: {fileID: 0}
  m_PrefabInstance: {fileID: 0}
  m_PrefabAsset: {fileID: 0}
  m_GameObject: {fileID: 1810447023}
  m_LocalRotation: {x: 0, y: 0, z: 0, w: 1}
  m_LocalPosition: {x: 0, y: 0, z: 0}
  m_LocalScale: {x: 1, y: 1, z: 1}
  m_Children: []
  m_Father: {fileID: 105295818}
  m_RootOrder: 0
  m_LocalEulerAnglesHint: {x: 0, y: 0, z: 0}
  m_AnchorMin: {x: 0, y: 0}
  m_AnchorMax: {x: 1, y: 1}
  m_AnchoredPosition: {x: 0, y: 0}
  m_SizeDelta: {x: 0, y: 0}
  m_Pivot: {x: 0.5, y: 0.5}
--- !u!114 &1810447025
MonoBehaviour:
  m_ObjectHideFlags: 0
  m_CorrespondingSourceObject: {fileID: 0}
  m_PrefabInstance: {fileID: 0}
  m_PrefabAsset: {fileID: 0}
  m_GameObject: {fileID: 1810447023}
  m_Enabled: 1
  m_EditorHideFlags: 0
  m_Script: {fileID: 1392445389, guid: f70555f144d8491a825f0804e09c671c, type: 3}
  m_Name: 
  m_EditorClassIdentifier: 
  m_Navigation:
    m_Mode: 3
    m_SelectOnUp: {fileID: 0}
    m_SelectOnDown: {fileID: 0}
    m_SelectOnLeft: {fileID: 0}
    m_SelectOnRight: {fileID: 0}
  m_Transition: 0
  m_Colors:
    m_NormalColor: {r: 1, g: 1, b: 1, a: 1}
    m_HighlightedColor: {r: 0.9607843, g: 0.9607843, b: 0.9607843, a: 1}
    m_PressedColor: {r: 0.78431374, g: 0.78431374, b: 0.78431374, a: 1}
    m_DisabledColor: {r: 0.78431374, g: 0.78431374, b: 0.78431374, a: 0.5019608}
    m_ColorMultiplier: 1
    m_FadeDuration: 0.1
  m_SpriteState:
    m_HighlightedSprite: {fileID: 0}
    m_PressedSprite: {fileID: 0}
    m_DisabledSprite: {fileID: 0}
  m_AnimationTriggers:
    m_NormalTrigger: Normal
    m_HighlightedTrigger: Highlighted
    m_PressedTrigger: Pressed
    m_DisabledTrigger: Disabled
  m_Interactable: 1
  m_TargetGraphic: {fileID: 1810447026}
  m_OnClick:
    m_PersistentCalls:
      m_Calls:
      - m_Target: {fileID: 105295814}
        m_MethodName: SetActive
        m_Mode: 6
        m_Arguments:
          m_ObjectArgument: {fileID: 0}
          m_ObjectArgumentAssemblyTypeName: UnityEngine.Object, UnityEngine
          m_IntArgument: 0
          m_FloatArgument: 0
          m_StringArgument: 
          m_BoolArgument: 0
        m_CallState: 2
    m_TypeName: UnityEngine.UI.Button+ButtonClickedEvent, UnityEngine.UI, Version=1.0.0.0,
      Culture=neutral, PublicKeyToken=null
--- !u!114 &1810447026
MonoBehaviour:
  m_ObjectHideFlags: 0
  m_CorrespondingSourceObject: {fileID: 0}
  m_PrefabInstance: {fileID: 0}
  m_PrefabAsset: {fileID: 0}
  m_GameObject: {fileID: 1810447023}
  m_Enabled: 1
  m_EditorHideFlags: 0
  m_Script: {fileID: -765806418, guid: f70555f144d8491a825f0804e09c671c, type: 3}
  m_Name: 
  m_EditorClassIdentifier: 
  m_Material: {fileID: 0}
  m_Color: {r: 0, g: 0, b: 0, a: 0}
  m_RaycastTarget: 1
  m_OnCullStateChanged:
    m_PersistentCalls:
      m_Calls: []
    m_TypeName: UnityEngine.UI.MaskableGraphic+CullStateChangedEvent, UnityEngine.UI,
      Version=1.0.0.0, Culture=neutral, PublicKeyToken=null
  m_Sprite: {fileID: 10907, guid: 0000000000000000f000000000000000, type: 0}
  m_Type: 1
  m_PreserveAspect: 0
  m_FillCenter: 1
  m_FillMethod: 4
  m_FillAmount: 1
  m_FillClockwise: 1
  m_FillOrigin: 0
  m_UseSpriteMesh: 0
--- !u!222 &1810447027
CanvasRenderer:
  m_ObjectHideFlags: 0
  m_CorrespondingSourceObject: {fileID: 0}
  m_PrefabInstance: {fileID: 0}
  m_PrefabAsset: {fileID: 0}
  m_GameObject: {fileID: 1810447023}
  m_CullTransparentMesh: 0
